JOURNAL ABBREVIATIONS

@string{AMS = "Amer.\ Meteor.\ Soc."}

@string{AGU = "Amer.\ Geophys.\ Union"}

@string{AIP = "Amer. Inst. Phys."}

@string{ADGEO = "Adv.\ Geosci."}

@string{AFM = "Agric.\ For.\ Meteor."}

@string{AM = "Ann.\ Meteor."}

@string{AN = "Astrophys.\ Norv."}

Astrophysica Norvegica
@string{AO = "Atmos.--Ocean"}

Atmosphere--Ocean, published by Canadian Meteorological Society (CMOS)
@string{AR = "Atmos.\ Res."}

Atmospheric Research
@string{ARFM = "Annu.\ Rev.\ Fluid Mech."}

@string{AUMET = "Aust.\ Meteor.\ Mag."}

@string{BAMS = "Bull.\ Amer.\ Meteor.\ Soc."}

@string{CAP = "Contrib.\ Atmos.\ Phys."}

@string{CC = "Climate Change"}

Climate Change
@string{CCH = "Climatic Change"}

Climatic Change
@string{CDYN = "Climate Dyn."}

@string{CHAOS = "Chaos"}

@string{COL = "Collier's"}

@string{CRS = "Cont.\ Shelf Res."}

@string{DAO = "Dyn.\ Atmos.\ Oceans"}

@string{ECO = "Ecology"}

@string{EI = "Earth Interact."}

@string{GA = "Geophysica"}

Geophysica, published by Geophysical Society of Finland
@string{GEOMAG = "Geophys.\ Mag."}

@string{GN = "Geophys.\ Norv."}

Geophysica Norvegica
@string{GRL = "Geophys.\ Res.\ Lett."}

@string{GEOINT = "Geofis.\ Int."}

Geofisica Internacional (Mexican journal -- vols. 3--5 contained proceedings from a hurricane conference
@string{GEOPUB = "Geofys.\ Publ."}

@string{GPC = "Global Planet.\ Change"}

@string{HP = "Health Phys."}

@string{IAOP = "Izv.\ Atmos.\ Ocean.\ Phys.\ (Engl.\ Transl.)"}

@string{IJC = "Int.\ J.\ Climatol."}

@string{JAM = "J.\ Appl.\ Meteor."}

renamed to name below in 2006
@string{JAMC = "J.\ Appl.\ Meteor.\ Climatol."}

Journal of Applied Meteorology and Climatology (this journal used to be called the Journal of Applied Meteorology before 2006)
@string{JAS = "J.\ Atmos.\ Sci."}

@string{JAOT = "J.\ Atmos.\ Oceanic Technol."}

@string{JCAM = "J.\ Climate Appl.\ Meteor."}

from 1983--87, now JAMC
@string{JCLI = "J.\ Climate"}

@string{JCR = "J.\ Coastal Res."}

@string{JFM = "J.\ Fluid\ Mech."}

@string{JEM = "J.\ Eng.\ Math."}

Journal of Engineering Mathematics
@string{JGR = "J.\ Geophys.\ Res."}

@string{JHM = "J.\ Hydrometeor."}

@string{JMS = "J.\ Mar.\ Syst."}

@string{JM = "J.\ Meteor."}

@string{JMR = "J.\ Mar.\ Res."}

@string{JMSJ = "J.\ Meteor.\ Soc.\ Japan"}

@string{JPO = "J.\ Phys.\ Oceanogr."}

@string{JOCEAN = "J.\ Oceanogr."}

Journal of Oceanography
@string{JOSJ = "J.\ Oceanogr.\ Soc.\ Japan"}

@string{JSE = "J.\ Struct.\ Eng."}

Journal of Structural Engineering at ASCE
@string{JTM = "J.\ Tropical Meteor."}

@string{JWEIA = "J.\ Wind Eng.\ Ind.\ Aerodyn."}

@string{MA = "Meteor.\ Appl."}

@string{MAP = "Meteor.\ Atmos.\ Phys."}

@string{METMON = "Meteor.\ Monogr."}

@string{METZEIT = "Meteor.\ Z."}

@string{MWL = "Mar.\ Wea.\ Log"}

@string{MWR = "Mon.\ Wea.\ Rev."}

@string{NAT = "Nature"}

@string{NHR = "Nat.\ Hazards Rev."}

@string{NWD = "Natl.\ Weather Dig."}

@string{OA = "Oceanol. Aeta"}

@string{OCEAN = "Oceanography"}

a quarterly journal of The Oceanography Society
@string{PAG = "Pure Appl.\ Geophys."}

@string{PF = "Phys.\ Fluids"}

@string{PHYSD = "Physica D"}

@string{PMG = "Pap.\ Meteor.\ Geophys."}

Papers in Meteorology and Geophysics
@string{PNAS = "Proc.\ Natl.\ Acad.\ Sci.\ (USA)"}

@string{PRE = "Phys.\ Rev.\ E"}

@string{PRSA = "Proc.\ Roy.\ Soc."}

@string{PT = "Phys.\ Today"}

@string{PTRS = "Philos.\ Trans.\ Roy.\ Soc.\ London"}

@string{QJRMS = "Quart.\ J.\ Roy.\ Meteor.\ Soc."}

@string{RGEO = "Rev. Geophys."}

@string{SCI = "Science"}

@string{SOLA = "SOLA"}

Scientific Online Letters on the Atmosphere
@string{TAGU = "Eos, Trans.\ Amer.\ Geophys.\ Union"}

@string{TELLUS = "Tellus"}

@string{TCFD = "Theor.\ Comput.\ Fluid Dyn."}

@string{WEA = "Weather"}

@string{WW = "Weatherwise"}

@string{WF = "Wea.\ Forecasting"}

@string{WMOB = "WMO Bull."}

SAMPLE REFERENCES. Insert your own reference database below the line.

@article{Becker+Schmitz2003,
    author = "E. Becker and G. Schmitz",
    title = "Climatological effects of orography and land--sea heating contrasts
             on the gravity wave--driven circulation of the mesosphere",
    journal = "J. Atmos. Sci.",
    year = "2003",
    volume = "60",
    pages = "103--118",
    doi = "10.1175/1520-0469(2003)060<0103:CEOOAL>2.0.CO;2",
}

@conference{Kuji_Nakajima2002,
    author = "M. Kuji and T. Nakajima",
    year = "2002",
    title = "Retrieval of cloud geometrical parameters using remote sensing data
             ",
    booktitle = "11th Conf. on Cloud Physics",
    address = "Ogden, UT",
    organization = "Amer. Meteor. Soc.",
    pages = "JP1.7",
    note = "\url{http://ams.confex.com/ams/pdfpapers/39550.pdf}",
}

@article{MeixnerEA2002,
    author = "T. Meixner and L. A. Bastidas and H. V. Gupta and R. C. Bales",
    title = "Multicriteria parameter estimation for models of stream chemical
             composition",
    journal = "Water Resour. Res.",
    volume = "38",
    doi = "10.1029/2000WR000112",
    eid = "1027",
    year = "2002",
}

@article{Knutti2008,
    author = "R. Knutti and M. R. Allen and P. Friedlingstein and J. M. Gregory
              and G. C. Hegerl and G. A. Meeh and M. Meinshausen and J. M. Murphy
              and G.-K. Plattne and S. C. B. Raper and T. F. Stocker and P. A.
              Stott and H. Teng and and T. M. L. Wigley",
    title = "A review of uncertainties in global temperature projections over
             the twenty-first century",
    journal = "J. Climate",
    year = "2008",
    volume = "21",
    pages = "2651--2663",
    doi = "10.1175/2007JCLI2119.1",
}

@article{EmeryEA1986,
    author = "W. J. Emery and A. C. Thomas and M. J. Collins and W. R. Crawford
              and D. L. Mackas",
    title = "An objective method for computing advective surface velocities from
             sequential infrared satellite images",
    journal = "J. Geophys. Res.",
    volume = "91",
    doi = "10.1029/JC091iC11p12865",
    pages = "12865--12878",
    year = "1986",
}

@article{gregory2016,
    author = "J. M. Gregory and T. Andrews and P. Good and T. Mauritsen and P.
              M. Forster",
    title = "Small global-mean cooling due to volcanic radiative forcing",
    journal = "Climate Dynamics",
    year = "2016",
    month = dec,
    day = "01",
    volume = "47",
    number = "12",
    pages = "3979--3991",
    abstract = "In both the observational record and atmosphere-ocean general
                circulation model (AOGCM) simulations of the last {\$}{\$}{
                \backslash}sim{\$}{\$}150 years, short-lived negative radiative
                forcing due to volcanic aerosol, following explosive eruptions,
                causes sudden global-mean cooling of up to {\$}{\$}{\backslash}
                sim{\$}{\$}0.3 K. This is about five times smaller than expected
                from the transient climate response parameter (TCRP, K of
                global-mean surface air temperature change per W m−2 of radiative
                forcing increase) evaluated under atmospheric CO2 concentration
                increasing at 1 {\%} yr−1. Using the step model (Good et al. in
                Geophys Res Lett 38:L01703, 2011. doi:10.1029/2010GL045208), we
                confirm the previous finding (Held et al. in J Clim 23:2418--2427
                , 2010. doi:10.1175/2009JCLI3466.1) that the main reason for the
                discrepancy is the damping of the response to short-lived forcing
                by the thermal inertia of the upper ocean. Although the step
                model includes this effect, it still overestimates the volcanic
                cooling simulated by AOGCMs by about 60 {\%}. We show that this
                remaining discrepancy can be explained by the magnitude of the
                volcanic forcing, which may be smaller in AOGCMs (by 30 {\%} for
                the HadCM3 AOGCM) than in off-line calculations that do not
                account for rapid cloud adjustment, and the climate sensitivity
                parameter, which may be smaller than for increasing CO2 (40 {\%}
                smaller than for 4 {\texttimes} CO2 in HadCM3).",
    ISSN = "1432-0894",
    doi = "10.1007/s00382-016-3055-1",
    URL = "https://doi.org/10.1007/s00382-016-3055-1",
}

@article{gunther2022,
    author = "Moritz Günther and Hauke Schmidt and Claudia Timmreck and Matthew
              Toohey",
    title = "Climate Feedback to Stratospheric Aerosol Forcing: The Key Role of
             the Pattern Effect",
    journal = "Journal of Climate",
    year = "2022",
    publisher = "American Meteorological Society",
    address = "Boston MA, USA",
    volume = "35",
    number = "24",
    doi = "10.1175/JCLI-D-22-0306.1",
    pages = "7903--7917",
    URL = "
           https://journals.ametsoc.org/view/journals/clim/35/24/JCLI-D-22-0306.1.xml
           ",
}

@article{jones2005,
    author = "Gareth S. Jones and Jonathan M. Gregory and Peter A. Stott and
              Simon F. B. Tett and Robert B. Thorpe",
    title = "{An {AOGCM} simulation of the climate response to a volcanic
             super-eruption}",
    journal = "Climate Dynamics",
    year = "2005",
    month = dec,
    day = "01",
    volume = "25",
    number = "7",
    pages = "725--738",
    abstract = "Volcanic `super-eruptions' have been suggested to have
                significantly influenced the Earth's climate, perhaps causing
                glaciations and impacting on the human population. Climatic
                changes following a hypothetical `super-eruption' are simulated
                using a coupled atmosphere ocean general circulation model,
                incorporating scaled volcanic stratospheric aerosols. Assumptions
                are made about the stratospheric sulphate aerosol loading, size
                distribution, lifetime, chemical make up and spatial
                distribution. As this study is concentrating on the physical
                climatological impacts over long timescales, microphysics and
                chemical interactive processes are not simulated. Near-surface
                temperatures fall by as much as 10 K globally for a few months
                and a considerable deviation from normal temperatures continues
                for several decades. A warming pattern is evident over northern
                land masses during the winter due to increased longwave forcing
                and a positive AO mode. The overturning rate of the North
                Atlantic thermohaline circulation doubles in intensity. Snow and
                ice increases in extent to a maximum coverage of 35{\%} of the
                Earth. Despite these and other impacts longer term climatic
                changes that could lead to a transition to a glaciation do not
                occur, for present day boundary conditions and one possible
                plausible aerosol loading.",
    ISSN = "1432-0894",
    doi = "10.1007/s00382-005-0066-8",
    URL = "https://doi.org/10.1007/s00382-005-0066-8",
}
